<?xml version="1.0" encoding="UTF-8"?><collection xmlns="http://www.loc.gov/MARC21/slim"><record><leader>00431nam--2200169-u-4500</leader><controlfield tag="001">000051476</controlfield><controlfield tag="002">20161230</controlfield><controlfield tag="005">20161230201049</controlfield><controlfield tag="008">080721s1000------------r-----000-0-eng-d</controlfield><datafield ind1=" " ind2=" " tag="040"><subfield code="a">IFIN-HH</subfield></datafield><datafield ind1=" " ind2=" " tag="080"><subfield code="a">517.37</subfield></datafield><datafield ind1="1" ind2=" " tag="100"><subfield code="a">Chelidze,V.G</subfield></datafield><datafield ind1="1" ind2="0" tag="245"><subfield code="a">Nekotorye Metody Summirovaniya Dvoinykh Ryadov i Dvoinykh Integralov</subfield></datafield><datafield ind1=" " ind2=" " tag="260"><subfield code="a">Tbilisi</subfield><subfield code="c">1977</subfield></datafield><datafield ind1=" " ind2=" " tag="300"><subfield code="a">399 p</subfield></datafield><datafield ind1=" " ind2=" " tag="852"><subfield code="a">46180</subfield><subfield code="c">517.2/3</subfield></datafield><datafield ind1=" " ind2=" " tag="CAT"><subfield code="a">Sys</subfield><subfield code="c">20080721</subfield><subfield code="h">102622</subfield></datafield></record></collection>